%% This BibTeX bibliography file was created using BibDesk.
%% http://bibdesk.sourceforge.net/


%% Created for James Cooper at 2015-08-01 00:46:54 +0100 


%% Saved with string encoding Unicode (UTF-8) 



@book{profgps,
	Author = {Ribes, L. & Zalesskii, P.},
	Date-Added = {2015-07-30 17:41:11 +0000},
	Date-Modified = {2015-07-30 17:52:49 +0000},
	Publisher = {Springer Verlag.},
	Title = {Profinite Groups},
	Year = {2010}}

@unpublished{completed,
	Author = {Brian Conrad},
	Date-Added = {2014-11-24 22:59:47 +0000},
	Date-Modified = {2014-11-24 23:03:04 +0000},
	Note = {Stanford Lecture Notes},
	Title = {Presentations of Deformation Rings},
	Year = {2009}}

@article{gray,
	Author = {Gray, Brayton I},
	Date-Added = {2014-11-17 18:53:50 +0000},
	Date-Modified = {2014-11-17 21:23:32 +0000},
	Journal = {Topology},
	Number = {3},
	Pages = {241--243},
	Publisher = {Elsevier},
	Title = {Spaces of the same $n$-type, for all $n$},
	Volume = {5},
	Year = {1966}}

@book{scho,
	Author = {Schochet, Claude},
	Date-Added = {2014-11-17 18:52:14 +0000},
	Date-Modified = {2014-11-17 18:52:21 +0000},
	Publisher = {State University of New York at Albany},
	Title = {A Pext Primer, Pure Extensions and Lim1 for Infinite Abelian Groups},
	Year = {2003}}

@article{hilton,
	Author = {Stammbach, PJ Hilton-U},
	Date-Added = {2014-11-15 15:11:48 +0000},
	Date-Modified = {2014-11-15 15:11:55 +0000},
	Journal = {Graduate Texts in Mathematics},
	Title = {A course in homological algebra},
	Volume = {4},
	Year = {1971}}

@book{lubkin,
	Author = {Lubkin, Saul},
	Date-Added = {2014-11-14 12:23:36 +0000},
	Date-Modified = {2014-11-14 12:23:47 +0000},
	Publisher = {Elsevier},
	Title = {Cohomology of completions},
	Volume = {42},
	Year = {1980}}

@book{karpilovsky,
	Author = {Karpilovsky, Gregory},
	Date-Added = {2014-11-13 14:20:05 +0000},
	Date-Modified = {2014-11-13 14:20:16 +0000},
	Publisher = {Elsevier},
	Title = {Induced modules over group algebras},
	Year = {1990}}

@article{melnikov,
	Author = {Mel'nikov, Oleg Vladimirovich},
	Date-Added = {2014-11-11 13:55:48 +0000},
	Date-Modified = {2014-11-11 13:55:57 +0000},
	Journal = {Mathematics of the USSR-Izvestiya},
	Number = {1},
	Pages = {97},
	Publisher = {IOP Publishing},
	Title = {Subgroups and homology of free products of profinite groups},
	Volume = {34},
	Year = {1990}}

@book{rosenberg,
	Author = {Rosenberg, Jonathan},
	Date-Added = {2014-11-10 20:51:14 +0000},
	Date-Modified = {2014-11-10 20:51:24 +0000},
	Publisher = {Springer},
	Title = {Algebraic K-theory and its applications},
	Volume = {147},
	Year = {1994}}

@book{fulton,
	Author = {Fulton, William and Harris, Joe},
	Date-Added = {2014-11-06 17:57:47 +0000},
	Date-Modified = {2014-11-06 17:57:59 +0000},
	Publisher = {Springer},
	Title = {Representation theory: a first course},
	Volume = {129},
	Year = {1991}}

@book{rotman,
	Author = {Rotman, Joseph J},
	Date-Added = {2014-10-30 15:52:20 +0000},
	Date-Modified = {2014-10-31 14:37:02 +0000},
	Publisher = {Springer},
	Title = {An introduction to homological algebra},
	Volume = {2},
	Year = {2009}}

@book{benson,
	Author = {Benson, David J},
	Date-Added = {2014-10-28 17:08:59 +0000},
	Date-Modified = {2014-10-28 17:09:10 +0000},
	Publisher = {Cambridge University Press},
	Title = {Representations and Cohomology: Volume 2, Cohomology of Groups and Modules},
	Volume = {2},
	Year = {1998}}

@incollection{hopf,
	Author = {Hopf, Heinz},
	Booktitle = {Selecta Heinz Hopf},
	Date-Added = {2014-10-28 13:21:20 +0000},
	Date-Modified = {2014-10-28 13:21:36 +0000},
	Pages = {186--206},
	Publisher = {Springer},
	Title = {Fundamentalgruppe und zweite Bettische gruppe},
	Year = {1964}}

@article{:aa,
	Date-Added = {2014-10-28 13:21:20 +0000},
	Date-Modified = {2014-10-28 13:21:20 +0000}}

@article{Schur,
	Author = {Berkovich, Ya G},
	Date-Added = {2014-10-28 11:54:41 +0000},
	Date-Modified = {2014-10-28 12:07:00 +0000},
	Journal = {Journal of Algebra},
	Number = {2},
	Pages = {269--272},
	Publisher = {Elsevier},
	Title = {On the order of the commutator subgroup and the Schur multiplier of a finite $p$-group},
	Volume = {144},
	Year = {1991},
	Bdsk-File-1 = {YnBsaXN0MDDUAQIDBAUGJCVYJHZlcnNpb25YJG9iamVjdHNZJGFyY2hpdmVyVCR0b3ASAAGGoKgHCBMUFRYaIVUkbnVsbNMJCgsMDxJXTlMua2V5c1pOUy5vYmplY3RzViRjbGFzc6INDoACgAOiEBGABIAFgAdccmVsYXRpdmVQYXRoWWFsaWFzRGF0YV8QFi4uL0Rvd25sb2Fkcy9zY2h1ci5wZGbSFwsYGVdOUy5kYXRhTxEBPgAAAAABPgACAAAFanNjNDIAAAAAAAAAAAAAAAAAAAAAAAAAAAAAAAAAAEJEAAH/////CXNjaHVyLnBkZgAAAAAAAAAAAAAAAAAAAAAAAAAAAAAAAAAAAAAAAAAAAAAAAAAAAAAAAAAAAAAAAAAAAAAAAP////8AAAAAAAAAAAAAAAAAAQACAAASgWN1AAAAAAAAAAAAAAAAAAlEb3dubG9hZHMAAAIAIC86aG9tZTpqc2M0MjpEb3dubG9hZHM6c2NodXIucGRmAA4AFAAJAHMAYwBoAHUAcgAuAHAAZABmAA8ADAAFAGoAcwBjADQAMgASABQvRG93bmxvYWRzL3NjaHVyLnBkZgATAAsvaG9tZS9qc2M0MgAACQAYABhjcmJtAABwb3N4L2hvbWUvanNjNDIAABUAAgAL//8AAIAG0hscHR5aJGNsYXNzbmFtZVgkY2xhc3Nlc11OU011dGFibGVEYXRhox0fIFZOU0RhdGFYTlNPYmplY3TSGxwiI1xOU0RpY3Rpb25hcnmiIiBfEA9OU0tleWVkQXJjaGl2ZXLRJidUcm9vdIABAAgAEQAaACMALQAyADcAQABGAE0AVQBgAGcAagBsAG4AcQBzAHUAdwCEAI4ApwCsALQB9gH4Af0CCAIRAh8CIwIqAjMCOAJFAkgCWgJdAmIAAAAAAAACAQAAAAAAAAAoAAAAAAAAAAAAAAAAAAACZA==}}

@book{Weibel,
	Address = {Cambridge},
	Annote = {LDR    01260pam  2200289 a 4500
001    2050393
005    20030819191550.0
008    930331s1994    enka     b    001 0 eng  
035    $9(DLC)   93015649
906    $a7$bcbc$corignew$d1$eocip$f19$gy-gencatlg
955    $apc20 to ja00 03-31-93; jd07 04-01-93; jd99 04-01-93; jd27 04-01-93; aa21 04-02-93; CIP Ver jg07 07-19-94
010    $a   93015649 
020    $a0521435005
040    $aDLC$cDLC$dDLC
050 00 $aQA169$b.W45 1994
082 00 $a512/.55$220
100 1  $aWeibel, Charles A.,$d1950-
245 13 $aAn introduction to homological algebra /$cCharles A. Weibel.
260    $aCambridge [England] ;$aNew York :$bCambridge University Press,$c1994.
300    $axiv, 450 p. :$bill. ;$c24 cm.
440  0 $aCambridge studies in advanced mathematics ;$v38
504    $aIncludes bibliographical references (p. 432-434) and index.
650  0 $aAlgebra, Homological.
856 41 $3Sample text$uhttp://www.loc.gov/catdir/samples/cam034/93015649.html
856 42 $3Publisher description$uhttp://www.loc.gov/catdir/description/cam025/93015649.html
856 41 $3Table of contents$uhttp://www.loc.gov/catdir/toc/cam024/93015649.html
991    $bc-GenColl$hQA169$i.W45 1994$p00035062324$tCopy 1$v38$wBOOKS
},
	Author = {Weibel, Charles A.},
	Call-Number = {QA169},
	Date-Added = {2014-10-28 10:29:11 +0000},
	Date-Modified = {2014-10-28 10:29:33 +0000},
	Dewey-Call-Number = {512/.55},
	Genre = {Algebra, Homological},
	Isbn = {0521435005},
	Library-Id = {93015649},
	Publisher = {Cambridge University Press},
	Title = {An introduction to homological algebra},
	Url = {http://www.loc.gov/catdir/samples/cam034/93015649.html},
	Volume = {38},
	Year = {1994},
	Bdsk-Url-1 = {http://www.loc.gov/catdir/samples/cam034/93015649.html}}

@inproceedings{lusztig1987leading,
	Address = {http://books.google.co.uk/books?id=eTrdWGQsvj0C&pg=PA235&lpg=PA235&dq=%22Leading+coefficients+of+character+values+of+Hecke+algebras%22&source=bl&ots=bpvXc3MYNP&sig=Pwy2Tq1wVOSgy0BKpa93OiQq6fo&hl=en&sa=X&ei=U9ZzU9qyFYuq7Qb564EY&ved=0CC4Q6AEwAA#v=onepage&q=%22Leading%20coefficients%20of%20character%20values%20of%20Hecke%20algebras%22&f=false},
	Author = {Lusztig, George},
	Booktitle = {Proc. Symp. Pure Math},
	Date-Added = {2014-05-14 21:04:35 +0000},
	Date-Modified = {2014-05-14 21:05:22 +0000},
	Number = {2},
	Pages = {235--262},
	Title = {Leading coefficients of character values of Hecke algebras},
	Volume = {47},
	Year = {1987}}

@article{kakde,
	Author = {M. Kakde},
	Date-Added = {2014-05-14 20:40:40 +0000},
	Date-Modified = {2015-07-31 23:43:51 +0000},
	Title = {K1 OF SOME NONCOMMUTATIVE p-ADIC GROUP RINGS},
	Bdsk-File-1 = {YnBsaXN0MDDUAQIDBAUGJCVYJHZlcnNpb25YJG9iamVjdHNZJGFyY2hpdmVyVCR0b3ASAAGGoKgHCBMUFRYaIVUkbnVsbNMJCgsMDxJXTlMua2V5c1pOUy5vYmplY3RzViRjbGFzc6INDoACgAOiEBGABIAFgAdccmVsYXRpdmVQYXRoWWFsaWFzRGF0YV8QKy4uLy4uLy4uLy4uL0RvY3VtZW50cy9NQVRIUy9NYXRocy9LYWtkZS5wZGbSFwsYGVdOUy5kYXRhTxEBiAAAAAABiAACAAAMTWFjaW50b3NoIEhEAAAAAAAAAAAAAAAAAAAAyjVGDkgrAAABy+pPCUtha2RlLnBkZgAAAAAAAAAAAAAAAAAAAAAAAAAAAAAAAAAAAAAAAAAAAAAAAAAAAAAAAAAAAAAAAAAAAAAAAAGm8wHPmZNRAAAAAAAAAAAABAAEAAAJIAAAAAAAAAAAAAAAAAAAAAVNYXRocwAAEAAIAADKNTf+AAAAEQAIAADPmYVBAAAAAQAUAcvqTwHNLhoABQeGAAUHhAAAvzIAAgA9TWFjaW50b3NoIEhEOlVzZXJzOgBKYW1lczoARG9jdW1lbnRzOgBNQVRIUzoATWF0aHM6AEtha2RlLnBkZgAADgAUAAkASwBhAGsAZABlAC4AcABkAGYADwAaAAwATQBhAGMAaQBuAHQAbwBzAGgAIABIAEQAEgArVXNlcnMvSmFtZXMvRG9jdW1lbnRzL01BVEhTL01hdGhzL0tha2RlLnBkZgAAEwABLwAAFQACAAz//wAAgAbSGxwdHlokY2xhc3NuYW1lWCRjbGFzc2VzXU5TTXV0YWJsZURhdGGjHR8gVk5TRGF0YVhOU09iamVjdNIbHCIjXE5TRGljdGlvbmFyeaIiIF8QD05TS2V5ZWRBcmNoaXZlctEmJ1Ryb290gAEACAARABoAIwAtADIANwBAAEYATQBVAGAAZwBqAGwAbgBxAHMAdQB3AIQAjgC8AMEAyQJVAlcCXAJnAnACfgKCAokCkgKXAqQCpwK5ArwCwQAAAAAAAAIBAAAAAAAAACgAAAAAAAAAAAAAAAAAAALD}}

@article{bannai1993association,
	Author = {Bannai, Eiichi},
	Date-Added = {2014-05-14 16:14:48 +0000},
	Date-Modified = {2014-05-14 16:15:11 +0000},
	Journal = {Journal of Algebraic Combinatorics},
	Keywords = {fusion algebras},
	Number = {4},
	Pages = {327--344},
	Publisher = {Springer},
	Title = {Association schemes and fusion algebras (an introduction)},
	Volume = {2},
	Year = {1993}}

@article{WedderGA,
	Date-Added = {2014-05-13 17:23:59 +0000},
	Date-Modified = {2014-05-13 17:25:20 +0000},
	Title = {Wedderga},
	Bdsk-File-1 = {YnBsaXN0MDDUAQIDBAUGJCVYJHZlcnNpb25YJG9iamVjdHNZJGFyY2hpdmVyVCR0b3ASAAGGoKgHCBMUFRYaIVUkbnVsbNMJCgsMDxJXTlMua2V5c1pOUy5vYmplY3RzViRjbGFzc6INDoACgAOiEBGABIAFgAdccmVsYXRpdmVQYXRoWWFsaWFzRGF0YV8QLS4uLy4uLy4uLy4uL0RvY3VtZW50cy9NQVRIUy9NYXRoL1dlZGRlckdBLnBkZtIXCxgZV05TLmRhdGFPEQGQAAAAAAGQAAIAAAxNYWNpbnRvc2ggSEQAAAAAAAAAAAAAAAAAAADKNUYOSCsAAAAGCVgMV2VkZGVyR0EucGRmAAAAAAAAAAAAAAAAAAAAAAAAAAAAAAAAAAAAAAAAAAAAAAAAAAAAAAAAAAAAAAAAAAAAAaY2ks+YE7sAAAAAAAAAAAAEAAQAAAkgAAAAAAAAAAAAAAAAAAAABE1hdGgAEAAIAADKNTf+AAAAEQAIAADPmAWrAAAAAQAUAAYJWAHNLhoABQeGAAUHhAAAvzIAAgA/TWFjaW50b3NoIEhEOlVzZXJzOgBKYW1lczoARG9jdW1lbnRzOgBNQVRIUzoATWF0aDoAV2VkZGVyR0EucGRmAAAOABoADABXAGUAZABkAGUAcgBHAEEALgBwAGQAZgAPABoADABNAGEAYwBpAG4AdABvAHMAaAAgAEgARAASAC1Vc2Vycy9KYW1lcy9Eb2N1bWVudHMvTUFUSFMvTWF0aC9XZWRkZXJHQS5wZGYAABMAAS8AABUAAgAM//8AAIAG0hscHR5aJGNsYXNzbmFtZVgkY2xhc3Nlc11OU011dGFibGVEYXRhox0fIFZOU0RhdGFYTlNPYmplY3TSGxwiI1xOU0RpY3Rpb25hcnmiIiBfEA9OU0tleWVkQXJjaGl2ZXLRJidUcm9vdIABAAgAEQAaACMALQAyADcAQABGAE0AVQBgAGcAagBsAG4AcQBzAHUAdwCEAI4AvgDDAMsCXwJhAmYCcQJ6AogCjAKTApwCoQKuArECwwLGAssAAAAAAAACAQAAAAAAAAAoAAAAAAAAAAAAAAAAAAACzQ==}}

@article{zagier,
	Author = {D. Zagier},
	Date-Added = {2014-05-13 14:05:21 +0000},
	Date-Modified = {2014-05-13 14:06:01 +0000},
	Title = {Appendix - Drinfeld Double},
	Bdsk-File-1 = {YnBsaXN0MDDUAQIDBAUGJCVYJHZlcnNpb25YJG9iamVjdHNZJGFyY2hpdmVyVCR0b3ASAAGGoKgHCBMUFRYaIVUkbnVsbNMJCgsMDxJXTlMua2V5c1pOUy5vYmplY3RzViRjbGFzc6INDoACgAOiEBGABIAFgAdccmVsYXRpdmVQYXRoWWFsaWFzRGF0YV8QMi4uLy4uLy4uLy4uL0RvY3VtZW50cy9NQVRIUy9NYXRoL0FwcGVuZGl4IGNvcHkucGRm0hcLGBlXTlMuZGF0YU8RAaIAAAAAAaIAAgAADE1hY2ludG9zaCBIRAAAAAAAAAAAAAAAAAAAAMo1Rg5IKwAAAAYJWBFBcHBlbmRpeCBjb3B5LnBkZgAAAAAAAAAAAAAAAAAAAAAAAAAAAAAAAAAAAAAAAAAAAAAAAAAAAAAAAAAAAAABpg/az5flLQAAAAAAAAAAAAQABAAACSAAAAAAAAAAAAAAAAAAAAAETWF0aAAQAAgAAMo1N/4AAAARAAgAAM+X1x0AAAABABQABglYAc0uGgAFB4YABQeEAAC/MgACAERNYWNpbnRvc2ggSEQ6VXNlcnM6AEphbWVzOgBEb2N1bWVudHM6AE1BVEhTOgBNYXRoOgBBcHBlbmRpeCBjb3B5LnBkZgAOACQAEQBBAHAAcABlAG4AZABpAHgAIABjAG8AcAB5AC4AcABkAGYADwAaAAwATQBhAGMAaQBuAHQAbwBzAGgAIABIAEQAEgAyVXNlcnMvSmFtZXMvRG9jdW1lbnRzL01BVEhTL01hdGgvQXBwZW5kaXggY29weS5wZGYAEwABLwAAFQACAAz//wAAgAbSGxwdHlokY2xhc3NuYW1lWCRjbGFzc2VzXU5TTXV0YWJsZURhdGGjHR8gVk5TRGF0YVhOU09iamVjdNIbHCIjXE5TRGljdGlvbmFyeaIiIF8QD05TS2V5ZWRBcmNoaXZlctEmJ1Ryb290gAEACAARABoAIwAtADIANwBAAEYATQBVAGAAZwBqAGwAbgBxAHMAdQB3AIQAjgDDAMgA0AJ2AngCfQKIApECnwKjAqoCswK4AsUCyALaAt0C4gAAAAAAAAIBAAAAAAAAACgAAAAAAAAAAAAAAAAAAALk}}

@article{verlinde+Kirrilov,
	Author = {Martin Schottenloher},
	Date-Added = {2014-05-13 13:56:18 +0000},
	Date-Modified = {2014-05-13 14:04:20 +0000},
	Title = {Verlinde Formula},
	Bdsk-File-1 = {YnBsaXN0MDDUAQIDBAUGJCVYJHZlcnNpb25YJG9iamVjdHNZJGFyY2hpdmVyVCR0b3ASAAGGoKgHCBMUFRYaIVUkbnVsbNMJCgsMDxJXTlMua2V5c1pOUy5vYmplY3RzViRjbGFzc6INDoACgAOiEBGABIAFgAdccmVsYXRpdmVQYXRoWWFsaWFzRGF0YV8QNS4uLy4uLy4uLy4uL0RvY3VtZW50cy9NQVRIUy9NYXRoL1ZlcmxpbmRlIEZvcm11bGEucGRm0hcLGBlXTlMuZGF0YU8RAbAAAAAAAbAAAgAADE1hY2ludG9zaCBIRAAAAAAAAAAAAAAAAAAAAMo1Rg5IKwAAAAYJWBRWZXJsaW5kZSBGb3JtdWxhLnBkZgAAAAAAAAAAAAAAAAAAAAAAAAAAAAAAAAAAAAAAAAAAAAAAAAAAAAAAAAABpg4yz5fi8AAAAAAAAAAAAAQABAAACSAAAAAAAAAAAAAAAAAAAAAETWF0aAAQAAgAAMo1N/4AAAARAAgAAM+X1OAAAAABABQABglYAc0uGgAFB4YABQeEAAC/MgACAEdNYWNpbnRvc2ggSEQ6VXNlcnM6AEphbWVzOgBEb2N1bWVudHM6AE1BVEhTOgBNYXRoOgBWZXJsaW5kZSBGb3JtdWxhLnBkZgAADgAqABQAVgBlAHIAbABpAG4AZABlACAARgBvAHIAbQB1AGwAYQAuAHAAZABmAA8AGgAMAE0AYQBjAGkAbgB0AG8AcwBoACAASABEABIANVVzZXJzL0phbWVzL0RvY3VtZW50cy9NQVRIUy9NYXRoL1ZlcmxpbmRlIEZvcm11bGEucGRmAAATAAEvAAAVAAIADP//AACABtIbHB0eWiRjbGFzc25hbWVYJGNsYXNzZXNdTlNNdXRhYmxlRGF0YaMdHyBWTlNEYXRhWE5TT2JqZWN00hscIiNcTlNEaWN0aW9uYXJ5oiIgXxAPTlNLZXllZEFyY2hpdmVy0SYnVHJvb3SAAQAIABEAGgAjAC0AMgA3AEAARgBNAFUAYABnAGoAbABuAHEAcwB1AHcAhACOAMYAywDTAocCiQKOApkCogKwArQCuwLEAskC1gLZAusC7gLzAAAAAAAAAgEAAAAAAAAAKAAAAAAAAAAAAAAAAAAAAvU=}}

@article{drin,
	Author = {V.G. Drinfel'd},
	Date-Added = {2014-05-13 13:54:09 +0000},
	Date-Modified = {2014-05-13 13:55:05 +0000},
	Journal = {Proceedings of the International Congress of Mathematicians},
	Title = {Quantum Groups},
	Year = {1986},
	Bdsk-File-1 = {YnBsaXN0MDDUAQIDBAUGJCVYJHZlcnNpb25YJG9iamVjdHNZJGFyY2hpdmVyVCR0b3ASAAGGoKgHCBMUFRYaIVUkbnVsbNMJCgsMDxJXTlMua2V5c1pOUy5vYmplY3RzViRjbGFzc6INDoACgAOiEBGABIAFgAdccmVsYXRpdmVQYXRoWWFsaWFzRGF0YV8QPC4uLy4uLy4uLy4uL0RvY3VtZW50cy9NQVRIUy9NYXRoL0RyaW5mZWxkIFF1YW50dW0gR3JvdXBzLnBkZtIXCxgZV05TLmRhdGFPEQHKAAAAAAHKAAIAAAxNYWNpbnRvc2ggSEQAAAAAAAAAAAAAAAAAAADKNUYOSCsAAAAGCVgbRHJpbmZlbGQgUXVhbnR1bSBHcm91cHMucGRmAAAAAAAAAAAAAAAAAAAAAAAAAAAAAAAAAAAAAAAAAAAAAAAAAaYNhM+X4iQAAAAAAAAAAAAEAAQAAAkgAAAAAAAAAAAAAAAAAAAABE1hdGgAEAAIAADKNTf+AAAAEQAIAADPl9QUAAAAAQAUAAYJWAHNLhoABQeGAAUHhAAAvzIAAgBOTWFjaW50b3NoIEhEOlVzZXJzOgBKYW1lczoARG9jdW1lbnRzOgBNQVRIUzoATWF0aDoARHJpbmZlbGQgUXVhbnR1bSBHcm91cHMucGRmAA4AOAAbAEQAcgBpAG4AZgBlAGwAZAAgAFEAdQBhAG4AdAB1AG0AIABHAHIAbwB1AHAAcwAuAHAAZABmAA8AGgAMAE0AYQBjAGkAbgB0AG8AcwBoACAASABEABIAPFVzZXJzL0phbWVzL0RvY3VtZW50cy9NQVRIUy9NYXRoL0RyaW5mZWxkIFF1YW50dW0gR3JvdXBzLnBkZgATAAEvAAAVAAIADP//AACABtIbHB0eWiRjbGFzc25hbWVYJGNsYXNzZXNdTlNNdXRhYmxlRGF0YaMdHyBWTlNEYXRhWE5TT2JqZWN00hscIiNcTlNEaWN0aW9uYXJ5oiIgXxAPTlNLZXllZEFyY2hpdmVy0SYnVHJvb3SAAQAIABEAGgAjAC0AMgA3AEAARgBNAFUAYABnAGoAbABuAHEAcwB1AHcAhACOAM0A0gDaAqgCqgKvAroCwwLRAtUC3ALlAuoC9wL6AwwDDwMUAAAAAAAAAgEAAAAAAAAAKAAAAAAAAAAAAAAAAAAAAxY=}}

@article{comment,
	Author = {Bruce Bartlett},
	Date-Added = {2014-05-13 13:49:11 +0000},
	Date-Modified = {2014-05-13 13:56:13 +0000},
	Title = {Quantum Comment},
	Bdsk-File-1 = {YnBsaXN0MDDUAQIDBAUGJCVYJHZlcnNpb25YJG9iamVjdHNZJGFyY2hpdmVyVCR0b3ASAAGGoKgHCBMUFRYaIVUkbnVsbNMJCgsMDxJXTlMua2V5c1pOUy5vYmplY3RzViRjbGFzc6INDoACgAOiEBGABIAFgAdccmVsYXRpdmVQYXRoWWFsaWFzRGF0YV8QNS4uLy4uLy4uLy4uL0RvY3VtZW50cy9NQVRIUy9NYXRoL1F1YW50dW0gQ29tbWVudDIucGRm0hcLGBlXTlMuZGF0YU8RAbAAAAAAAbAAAgAADE1hY2ludG9zaCBIRAAAAAAAAAAAAAAAAAAAAMo1Rg5IKwAAAAYJWBRRdWFudHVtIENvbW1lbnQyLnBkZgAAAAAAAAAAAAAAAAAAAAAAAAAAAAAAAAAAAAAAAAAAAAAAAAAAAAAAAAABpwE9z5mehAAAAAAAAAAAAAQABAAACSAAAAAAAAAAAAAAAAAAAAAETWF0aAAQAAgAAMo1N/4AAAARAAgAAM+ZkHQAAAABABQABglYAc0uGgAFB4YABQeEAAC/MgACAEdNYWNpbnRvc2ggSEQ6VXNlcnM6AEphbWVzOgBEb2N1bWVudHM6AE1BVEhTOgBNYXRoOgBRdWFudHVtIENvbW1lbnQyLnBkZgAADgAqABQAUQB1AGEAbgB0AHUAbQAgAEMAbwBtAG0AZQBuAHQAMgAuAHAAZABmAA8AGgAMAE0AYQBjAGkAbgB0AG8AcwBoACAASABEABIANVVzZXJzL0phbWVzL0RvY3VtZW50cy9NQVRIUy9NYXRoL1F1YW50dW0gQ29tbWVudDIucGRmAAATAAEvAAAVAAIADP//AACABtIbHB0eWiRjbGFzc25hbWVYJGNsYXNzZXNdTlNNdXRhYmxlRGF0YaMdHyBWTlNEYXRhWE5TT2JqZWN00hscIiNcTlNEaWN0aW9uYXJ5oiIgXxAPTlNLZXllZEFyY2hpdmVy0SYnVHJvb3SAAQAIABEAGgAjAC0AMgA3AEAARgBNAFUAYABnAGoAbABuAHEAcwB1AHcAhACOAMYAywDTAocCiQKOApkCogKwArQCuwLEAskC1gLZAusC7gLzAAAAAAAAAgEAAAAAAAAAKAAAAAAAAAAAAAAAAAAAAvU=}}

@article{rob,
	Author = {Robinson, G.},
	Date-Added = {2014-04-10 18:21:29 +0000},
	Date-Modified = {2014-04-10 18:22:03 +0000},
	Title = {Some Uses of Class Algebra Constants},
	Bdsk-File-1 = {YnBsaXN0MDDUAQIDBAUGJCVYJHZlcnNpb25YJG9iamVjdHNZJGFyY2hpdmVyVCR0b3ASAAGGoKgHCBMUFRYaIVUkbnVsbNMJCgsMDxJXTlMua2V5c1pOUy5vYmplY3RzViRjbGFzc6INDoACgAOiEBGABIAFgAdccmVsYXRpdmVQYXRoWWFsaWFzRGF0YV8QRi4uLy4uLy4uLy4uL0RvY3VtZW50cy9vbGQvRGVzayAxODo3L0p1bmUxOCAyMDE0L29sZC9Sb2JpbnNvbiBwYXBlci5wZGbSFwsYGVdOUy5kYXRhTxEB1gAAAAAB1gACAAAMTWFjaW50b3NoIEhEAAAAAAAAAAAAAAAAAAAAyjVGDkgrAAABmxf6ElJvYmluc29uIHBhcGVyLnBkZgAAAAAAAAAAAAAAAAAAAAAAAAAAAAAAAAAAAAAAAAAAAAAAAAAAAAAAAAAAAAGR0VzPbG5ZAAAAAAAAAAAABAAGAAAJIAAAAAAAAAAAAAAAAAAAAANvbGQAABAACAAAyjU3/gAAABEACAAAz2xgSQAAAAEAHAGbF/oBu6/1AcvqngD4YjoABQeGAAUHhAAAvzIAAgBaTWFjaW50b3NoIEhEOlVzZXJzOgBKYW1lczoARG9jdW1lbnRzOgBvbGQ6AERlc2sgMTgvNzoASnVuZTE4IDIwMTQ6AG9sZDoAUm9iaW5zb24gcGFwZXIucGRmAA4AJgASAFIAbwBiAGkAbgBzAG8AbgAgAHAAYQBwAGUAcgAuAHAAZABmAA8AGgAMAE0AYQBjAGkAbgB0AG8AcwBoACAASABEABIARlVzZXJzL0phbWVzL0RvY3VtZW50cy9vbGQvRGVzayAxODo3L0p1bmUxOCAyMDE0L29sZC9Sb2JpbnNvbiBwYXBlci5wZGYAEwABLwAAFQACAAz//wAAgAbSGxwdHlokY2xhc3NuYW1lWCRjbGFzc2VzXU5TTXV0YWJsZURhdGGjHR8gVk5TRGF0YVhOU09iamVjdNIbHCIjXE5TRGljdGlvbmFyeaIiIF8QD05TS2V5ZWRBcmNoaXZlctEmJ1Ryb290gAEACAARABoAIwAtADIANwBAAEYATQBVAGAAZwBqAGwAbgBxAHMAdQB3AIQAjgDXANwA5AK+AsACxQLQAtkC5wLrAvIC+wMAAw0DEAMiAyUDKgAAAAAAAAIBAAAAAAAAACgAAAAAAAAAAAAAAAAAAAMs}}

@url{char,
	Date-Added = {2014-04-10 18:17:39 +0000},
	Date-Modified = {2014-04-10 18:37:37 +0000},
	Title = {Character Table for the Affine Group of Z/p^nZ},
	Urldate = {http://mathoverflow.net/questions/44203/character-table-for-the-affine-group-of-z-pnz}}

@article{gel,
	Annote = {Summary in MSc thesis},
	Author = {Van Gelder, I.},
	Date-Added = {2014-04-10 18:13:55 +0000},
	Date-Modified = {2014-04-10 18:14:42 +0000},
	Title = {Idempotenten in Groepringen},
	Bdsk-File-1 = {YnBsaXN0MDDUAQIDBAUGJCVYJHZlcnNpb25YJG9iamVjdHNZJGFyY2hpdmVyVCR0b3ASAAGGoKgHCBMUFRYaIVUkbnVsbNMJCgsMDxJXTlMua2V5c1pOUy5vYmplY3RzViRjbGFzc6INDoACgAOiEBGABIAFgAdccmVsYXRpdmVQYXRoWWFsaWFzRGF0YV8QHC4uLy4uLy5UcmFzaC9Hcm9lcHJpbmdlbi5wZGbSFwsYGVdOUy5kYXRhTxEBdgAAAAABdgACAAAMTWFjaW50b3NoIEhEAAAAAAAAAAAAAAAAAAAAyjVGDkgrAAABkZzRD0dyb2VwcmluZ2VuLnBkZgAAAAAAAAAAAAAAAAAAAAAAAAAAAAAAAAAAAAAAAAAAAAAAAAAAAAAAAAAAAAAAAAGSbCPPbKEsAAAAAAAAAAAAAgACAAAJIAAAAAAAAAAAAAAAAAAAAAYuVHJhc2gAEAAIAADKNTf+AAAAEQAIAADPbJMcAAAAAQAMAZGc0QAFB4QAAL8yAAIAMk1hY2ludG9zaCBIRDpVc2VyczoASmFtZXM6AC5UcmFzaDoAR3JvZXByaW5nZW4ucGRmAA4AIAAPAEcAcgBvAGUAcAByAGkAbgBnAGUAbgAuAHAAZABmAA8AGgAMAE0AYQBjAGkAbgB0AG8AcwBoACAASABEABIAIlVzZXJzL0phbWVzLy5UcmFzaC9Hcm9lcHJpbmdlbi5wZGYAEwABLwAAFQACAAz//wAAgAbSGxwdHlokY2xhc3NuYW1lWCRjbGFzc2VzXU5TTXV0YWJsZURhdGGjHR8gVk5TRGF0YVhOU09iamVjdNIbHCIjXE5TRGljdGlvbmFyeaIiIF8QD05TS2V5ZWRBcmNoaXZlctEmJ1Ryb290gAEACAARABoAIwAtADIANwBAAEYATQBVAGAAZwBqAGwAbgBxAHMAdQB3AIQAjgCtALIAugI0AjYCOwJGAk8CXQJhAmgCcQJ2AoMChgKYApsCoAAAAAAAAAIBAAAAAAAAACgAAAAAAAAAAAAAAAAAAAKi}}

@article{man,
	Author = {Manchon, D.},
	Date-Added = {2014-04-10 18:13:12 +0000},
	Date-Modified = {2014-04-12 11:15:40 +0000},
	Title = {Hopf Algebras, from Basics to Renormalization},
	Bdsk-File-1 = {YnBsaXN0MDDUAQIDBAUGJCVYJHZlcnNpb25YJG9iamVjdHNZJGFyY2hpdmVyVCR0b3ASAAGGoKgHCBMUFRYaIVUkbnVsbNMJCgsMDxJXTlMua2V5c1pOUy5vYmplY3RzViRjbGFzc6INDoACgAOiEBGABIAFgAdccmVsYXRpdmVQYXRoWWFsaWFzRGF0YV8QKC4uLy4uLy4uLy4uL0RvY3VtZW50cy9NQVRIUy9NYXRoL21hbmNob27SFwsYGVdOUy5kYXRhTxEBegAAAAABegACAAAMTWFjaW50b3NoIEhEAAAAAAAAAAAAAAAAAAAAyjVGDkgrAAAABglYB21hbmNob24AAAAAAAAAAAAAAAAAAAAAAAAAAAAAAAAAAAAAAAAAAAAAAAAAAAAAAAAAAAAAAAAAAAAAAAAAAAGnAZDDEFhfUERGIHBydncABAAEAAAJIAAAAAAAAAAAAAAAAAAAAARNYXRoABAACAAAyjU3/gAAABEACAAAwxBKTwAAAAEAFAAGCVgBzS4aAAUHhgAFB4QAAL8yAAIAOk1hY2ludG9zaCBIRDpVc2VyczoASmFtZXM6AERvY3VtZW50czoATUFUSFM6AE1hdGg6AG1hbmNob24ADgAQAAcAbQBhAG4AYwBoAG8AbgAPABoADABNAGEAYwBpAG4AdABvAHMAaAAgAEgARAASAChVc2Vycy9KYW1lcy9Eb2N1bWVudHMvTUFUSFMvTWF0aC9tYW5jaG9uABMAAS8AABUAAgAM//8AAIAG0hscHR5aJGNsYXNzbmFtZVgkY2xhc3Nlc11OU011dGFibGVEYXRhox0fIFZOU0RhdGFYTlNPYmplY3TSGxwiI1xOU0RpY3Rpb25hcnmiIiBfEA9OU0tleWVkQXJjaGl2ZXLRJidUcm9vdIABAAgAEQAaACMALQAyADcAQABGAE0AVQBgAGcAagBsAG4AcQBzAHUAdwCEAI4AuQC+AMYCRAJGAksCVgJfAm0CcQJ4AoEChgKTApYCqAKrArAAAAAAAAACAQAAAAAAAAAoAAAAAAAAAAAAAAAAAAACsg==}}

@article{Quo,
	Annote = {In nilpotent case have a chain of H_is and G_is similar to Kirillov case},
	Author = {Quoos, L. and Veloso, P.},
	Date-Added = {2014-04-10 18:11:36 +0000},
	Date-Modified = {2014-05-13 17:16:24 +0000},
	Keywords = {Nilp case - give chain of His and Gis similar to Kirillov},
	Title = {Primitive Central Idempotents of Nilpotent Group Algebras},
	Bdsk-File-1 = {YnBsaXN0MDDUAQIDBAUGJCVYJHZlcnNpb25YJG9iamVjdHNZJGFyY2hpdmVyVCR0b3ASAAGGoKgHCBMUFRYaIVUkbnVsbNMJCgsMDxJXTlMua2V5c1pOUy5vYmplY3RzViRjbGFzc6INDoACgAOiEBGABIAFgAdccmVsYXRpdmVQYXRoWWFsaWFzRGF0YV8QFC4uLy4uLy5UcmFzaC9RdW8ucGRm0hcLGBlXTlMuZGF0YU8RAVYAAAAAAVYAAgAADE1hY2ludG9zaCBIRAAAAAAAAAAAAAAAAAAAAMo1Rg5IKwAAAZGc0QdRdW8ucGRmAAAAAAAAAAAAAAAAAAAAAAAAAAAAAAAAAAAAAAAAAAAAAAAAAAAAAAAAAAAAAAAAAAAAAAAAAAABkmmaz2yfkAAAAAAAAAAAAAIAAgAACSAAAAAAAAAAAAAAAAAAAAAGLlRyYXNoABAACAAAyjU3/gAAABEACAAAz2yRgAAAAAEADAGRnNEABQeEAAC/MgACACpNYWNpbnRvc2ggSEQ6VXNlcnM6AEphbWVzOgAuVHJhc2g6AFF1by5wZGYADgAQAAcAUQB1AG8ALgBwAGQAZgAPABoADABNAGEAYwBpAG4AdABvAHMAaAAgAEgARAASABpVc2Vycy9KYW1lcy8uVHJhc2gvUXVvLnBkZgATAAEvAAAVAAIADP//AACABtIbHB0eWiRjbGFzc25hbWVYJGNsYXNzZXNdTlNNdXRhYmxlRGF0YaMdHyBWTlNEYXRhWE5TT2JqZWN00hscIiNcTlNEaWN0aW9uYXJ5oiIgXxAPTlNLZXllZEFyY2hpdmVy0SYnVHJvb3SAAQAIABEAGgAjAC0AMgA3AEAARgBNAFUAYABnAGoAbABuAHEAcwB1AHcAhACOAKUAqgCyAgwCDgITAh4CJwI1AjkCQAJJAk4CWwJeAnACcwJ4AAAAAAAAAgEAAAAAAAAAKAAAAAAAAAAAAAAAAAAAAno=}}

@article{olt,
	Annote = {Shoda pairs leading to idempotents},
	Author = {Olteanu, G.},
	Date-Added = {2014-04-10 18:10:26 +0000},
	Date-Modified = {2014-05-13 17:15:43 +0000},
	Keywords = {Shoda pairs and Idempotents},
	Title = {Idempotents in Group Algebras},
	Bdsk-File-1 = {YnBsaXN0MDDUAQIDBAUGJCVYJHZlcnNpb25YJG9iamVjdHNZJGFyY2hpdmVyVCR0b3ASAAGGoKgHCBMUFRYaIVUkbnVsbNMJCgsMDxJXTlMua2V5c1pOUy5vYmplY3RzViRjbGFzc6INDoACgAOiEBGABIAFgAdccmVsYXRpdmVQYXRoWWFsaWFzRGF0YV8QQi4uLy4uLy4uLy4uL0RvY3VtZW50cy9NQVRIUy9NYXRoL0lkZW1wb3RlbnRzIGluIEdyb3VwIEFsZ2VicmFzLnBkZtIXCxgZV05TLmRhdGFPEQHgAAAAAAHgAAIAAAxNYWNpbnRvc2ggSEQAAAAAAAAAAAAAAAAAAADKNUYOSCsAAAAGCVgfSWRlbXBvdGVudHMgaW4gR3JvdSMxQTYzNUI5LnBkZgAAAAAAAAAAAAAAAAAAAAAAAAAAAAAAAAAAAAAAAAAAAaY1uc+YEnsAAAAAAAAAAAAEAAQAAAkgAAAAAAAAAAAAAAAAAAAABE1hdGgAEAAIAADKNTf+AAAAEQAIAADPmARrAAAAAQAUAAYJWAHNLhoABQeGAAUHhAAAvzIAAgBSTWFjaW50b3NoIEhEOlVzZXJzOgBKYW1lczoARG9jdW1lbnRzOgBNQVRIUzoATWF0aDoASWRlbXBvdGVudHMgaW4gR3JvdSMxQTYzNUI5LnBkZgAOAEQAIQBJAGQAZQBtAHAAbwB0AGUAbgB0AHMAIABpAG4AIABHAHIAbwB1AHAAIABBAGwAZwBlAGIAcgBhAHMALgBwAGQAZgAPABoADABNAGEAYwBpAG4AdABvAHMAaAAgAEgARAASAEJVc2Vycy9KYW1lcy9Eb2N1bWVudHMvTUFUSFMvTWF0aC9JZGVtcG90ZW50cyBpbiBHcm91cCBBbGdlYnJhcy5wZGYAEwABLwAAFQACAAz//wAAgAbSGxwdHlokY2xhc3NuYW1lWCRjbGFzc2VzXU5TTXV0YWJsZURhdGGjHR8gVk5TRGF0YVhOU09iamVjdNIbHCIjXE5TRGljdGlvbmFyeaIiIF8QD05TS2V5ZWRBcmNoaXZlctEmJ1Ryb290gAEACAARABoAIwAtADIANwBAAEYATQBVAGAAZwBqAGwAbgBxAHMAdQB3AIQAjgDTANgA4ALEAsYCywLWAt8C7QLxAvgDAQMGAxMDFgMoAysDMAAAAAAAAAIBAAAAAAAAACgAAAAAAAAAAAAAAAAAAAMy}}

@article{jz2,
	Annote = {Lie groups, algebras and Kirrilov one dimensional spaces},
	Author = {Jaikin-Zapirain, A.},
	Date-Added = {2014-04-10 18:07:05 +0000},
	Date-Modified = {2014-05-13 17:14:39 +0000},
	Keywords = {Lie Groups/Algebras and 1 dimensional spaces},
	Title = {Zeta function of Representations of Compact p-adic Analytic Groups}}

@article{jz1,
	Annote = {Number of representations of a particular dimension, like Kirrilov, and p-adic integration},
	Author = {Jaikin-Zapirain, A.},
	Date-Added = {2014-04-10 18:05:00 +0000},
	Date-Modified = {2014-05-13 17:14:08 +0000},
	Keywords = {Number of reps of particular dimension using Kirrilov orbit and p-adic integration},
	Title = {On the Characters of pro-$p$ Groups of Finite Rank},
	Bdsk-File-1 = {YnBsaXN0MDDUAQIDBAUGJCVYJHZlcnNpb25YJG9iamVjdHNZJGFyY2hpdmVyVCR0b3ASAAGGoKgHCBMUFRYaIVUkbnVsbNMJCgsMDxJXTlMua2V5c1pOUy5vYmplY3RzViRjbGFzc6INDoACgAOiEBGABIAFgAdccmVsYXRpdmVQYXRoWWFsaWFzRGF0YV8QQy4uLy4uLy4uLy4uL0RvY3VtZW50cy9vbGQvRGVzayAxODo3L0p1bmUxOCAyMDE0L29sZC9maW5pdGUgcmFuay5wZGbSFwsYGVdOUy5kYXRhTxEBzAAAAAABzAACAAAMTWFjaW50b3NoIEhEAAAAAAAAAAAAAAAAAAAAyjVGDkgrAAABmxf6D2Zpbml0ZSByYW5rLnBkZgAAAAAAAAAAAAAAAAAAAAAAAAAAAAAAAAAAAAAAAAAAAAAAAAAAAAAAAAAAAAAAAAGSdvzPbKQGAAAAAAAAAAAABAAGAAAJIAAAAAAAAAAAAAAAAAAAAANvbGQAABAACAAAyjU3/gAAABEACAAAz2yV9gAAAAEAHAGbF/oBu6/1AcvqngD4YjoABQeGAAUHhAAAvzIAAgBXTWFjaW50b3NoIEhEOlVzZXJzOgBKYW1lczoARG9jdW1lbnRzOgBvbGQ6AERlc2sgMTgvNzoASnVuZTE4IDIwMTQ6AG9sZDoAZmluaXRlIHJhbmsucGRmAAAOACAADwBmAGkAbgBpAHQAZQAgAHIAYQBuAGsALgBwAGQAZgAPABoADABNAGEAYwBpAG4AdABvAHMAaAAgAEgARAASAENVc2Vycy9KYW1lcy9Eb2N1bWVudHMvb2xkL0Rlc2sgMTg6Ny9KdW5lMTggMjAxNC9vbGQvZmluaXRlIHJhbmsucGRmAAATAAEvAAAVAAIADP//AACABtIbHB0eWiRjbGFzc25hbWVYJGNsYXNzZXNdTlNNdXRhYmxlRGF0YaMdHyBWTlNEYXRhWE5TT2JqZWN00hscIiNcTlNEaWN0aW9uYXJ5oiIgXxAPTlNLZXllZEFyY2hpdmVy0SYnVHJvb3SAAQAIABEAGgAjAC0AMgA3AEAARgBNAFUAYABnAGoAbABuAHEAcwB1AHcAhACOANQA2QDhArECswK4AsMCzALaAt4C5QLuAvMDAAMDAxUDGAMdAAAAAAAAAgEAAAAAAAAAKAAAAAAAAAAAAAAAAAAAAx8=}}

@article{vlad,
	Annote = {chapter 3 calculation on irred representations of FTC},
	Author = {Dokchitser, V.},
	Date-Added = {2014-04-10 18:03:50 +0000},
	Date-Modified = {2014-05-13 17:13:24 +0000},
	Keywords = {calculate irreducible reps of FTC},
	Title = {PhD Thesis: L-functions of non-abelian twists of elliptic curves}}

@article{serrelinear,
	Author = {Serre. J-P.},
	Date-Added = {2014-04-10 18:03:00 +0000},
	Date-Modified = {2014-05-13 17:12:41 +0000},
	Format-Detection = {telephone=no},
	Keywords = {how to get reps semi-direct prod when one abelian},
	Msapplication-Tilecolor = {#FFFFFF},
	Msapplication-Tileimage = {/static/0.7725/sites/link/images/ms-tileimage.png},
	Title = {Linear Representations of Finite Groups},
	Viewport = {width=device-width, minimum-scale=1, maximum-scale=1}}
